{
  "leader": "01515cam a2200361Ia 4500",
  "fields": [
    {
      "001": "ocm24347580\\"
    },
    {
      "003": "OCoLC"
    },
    {
      "005": "20211103144331.0"
    },
    {
      "008": "910909s1962\\\\\\\\gw\\a\\\\\\\\\\b\\\\\\\\000\\0bger\\d"
    },
    {
      "040": {
        "ind1": "\\",
        "ind2": "\\",
        "subfields": [
          {
            "a": "IUL"
          },
          {
            "b": "eng"
          },
          {
            "c": "IUL"
          },
          {
            "d": "OCL"
          },
          {
            "d": "OCLCG"
          },
          {
            "d": "OCLCQ"
          },
          {
            "d": "OCLCF"
          },
          {
            "d": "OCLCO"
          },
          {
            "d": "OCLCQ"
          },
          {
            "d": "J9U"
          },
          {
            "d": "OCLCQ"
          },
          {
            "d": "OCLCO"
          },
          {
            "d": "OCL"
          },
          {
            "d": "DEBBG"
          },
          {
            "d": "IL4J6"
          },
          {
            "d": "OCLCO"
          }
        ]
      }
    },
    {
      "019": {
        "ind1": "\\",
        "ind2": "\\",
        "subfields": [
          {
            "a": "970919247"
          },
          {
            "a": "999846485"
          },
          {
            "a": "1018065458"
          }
        ]
      }
    },
    {
      "035": {
        "ind1": "\\",
        "ind2": "\\",
        "subfields": [
          {
            "a": "(OCoLC)24347580"
          },
          {
            "z": "(OCoLC)970919247"
          },
          {
            "z": "(OCoLC)999846485"
          },
          {
            "z": "(OCoLC)1018065458"
          }
        ]
      }
    },
    {
      "043": {
        "ind1": "\\",
        "ind2": "\\",
        "subfields": [
          {
            "a": "e-gx---"
          }
        ]
      }
    },
    {
      "050": {
        "ind1": "\\",
        "ind2": "4",
        "subfields": [
          {
            "a": "R512.E4"
          },
          {
            "b": "S37 1962"
          }
        ]
      }
    },
    {
      "082": {
        "ind1": "0",
        "ind2": "4",
        "subfields": [
          {
            "a": "610.924"
          },
          {
            "b": "SAT"
          }
        ]
      }
    },
    {
      "100": {
        "ind1": "1",
        "ind2": "\\",
        "subfields": [
          {
            "a": "Satter, Heinrich."
          }
        ]
      }
    },
    {
      "245": {
        "ind1": "1",
        "ind2": "0",
        "subfields": [
          {
            "a": "Paul Ehrlich, Begru\u0308nder der Chemotherapie :"
          },
          {
            "b": "Leben, Werk, Verma\u0308chtnis /"
          },
          {
            "c": "Heinrich Satter."
          }
        ]
      }
    },
    {
      "260": {
        "ind1": "\\",
        "ind2": "\\",
        "subfields": [
          {
            "a": "Mu\u0308nchen :"
          },
          {
            "b": "R. Oldenbourg,"
          },
          {
            "c": "1962."
          }
        ]
      }
    },
    {
      "300": {
        "ind1": "\\",
        "ind2": "\\",
        "subfields": [
          {
            "a": "91 pages :"
          },
          {
            "b": "illustrations (some color) ;"
          },
          {
            "c": "20 cm"
          }
        ]
      }
    },
    {
      "336": {
        "ind1": "\\",
        "ind2": "\\",
        "subfields": [
          {
            "a": "text"
          },
          {
            "b": "txt"
          },
          {
            "2": "rdacontent"
          }
        ]
      }
    },
    {
      "337": {
        "ind1": "\\",
        "ind2": "\\",
        "subfields": [
          {
            "a": "unmediated"
          },
          {
            "b": "n"
          },
          {
            "2": "rdamedia"
          }
        ]
      }
    },
    {
      "338": {
        "ind1": "\\",
        "ind2": "\\",
        "subfields": [
          {
            "a": "volume"
          },
          {
            "b": "nc"
          },
          {
            "2": "rdacarrier"
          }
        ]
      }
    },
    {
      "504": {
        "ind1": "\\",
        "ind2": "\\",
        "subfields": [
          {
            "a": "Includes bibliographical references."
          }
        ]
      }
    },
    {
      "600": {
        "ind1": "1",
        "ind2": "0",
        "subfields": [
          {
            "a": "Ehrlich, Paul,"
          },
          {
            "d": "1854-1915."
          }
        ]
      }
    },
    {
      "650": {
        "ind1": "\\",
        "ind2": "0",
        "subfields": [
          {
            "a": "Medical scientists"
          },
          {
            "z": "Germany"
          },
          {
            "v": "Biography."
          }
        ]
      }
    },
    {
      "600": {
        "ind1": "1",
        "ind2": "7",
        "subfields": [
          {
            "a": "Ehrlich, Paul,"
          },
          {
            "d": "1854-1915"
          },
          {
            "2": "fast"
          },
          {
            "0": "(OCoLC)fst00117214"
          }
        ]
      }
    },
    {
      "650": {
        "ind1": "\\",
        "ind2": "7",
        "subfields": [
          {
            "a": "Medical scientists."
          },
          {
            "2": "fast"
          },
          {
            "0": "(OCoLC)fst01014624"
          }
        ]
      }
    },
    {
      "651": {
        "ind1": "\\",
        "ind2": "7",
        "subfields": [
          {
            "a": "Germany."
          },
          {
            "2": "fast"
          },
          {
            "0": "(OCoLC)fst01210272"
          }
        ]
      }
    },
    {
      "655": {
        "ind1": "\\",
        "ind2": "7",
        "subfields": [
          {
            "a": "Biographies."
          },
          {
            "2": "fast"
          },
          {
            "0": "(OCoLC)fst01919896"
          }
        ]
      }
    },
    {
      "776": {
        "ind1": "0",
        "ind2": "8",
        "subfields": [
          {
            "i": "Online version:"
          },
          {
            "a": "Satter, Heinrich."
          },
          {
            "t": "Paul Ehrlich, Begru\u0308nder der Chemotherapie."
          },
          {
            "d": "Mu\u0308nchen : R. Oldenbourg, 1962"
          },
          {
            "w": "(OCoLC)643979248"
          }
        ]
      }
    },
    {
      "994": {
        "ind1": "\\",
        "ind2": "\\",
        "subfields": [
          {
            "a": "Z0"
          },
          {
            "b": "NYRVC"
          }
        ]
      }
    },
    {
      "948": {
        "ind1": "\\",
        "ind2": "\\",
        "subfields": [
          {
            "h": "NO HOLDINGS IN NYRVC - 22 OTHER HOLDINGS"
          }
        ]
      }
    },
    {
      "999": {
        "ind1": "\\",
        "ind2": "\\",
        "subfields": [
          {
            "a": "00000000012415"
          }
        ]
      }
    }
  ]
}